% (ampersand)article{,
% author = " and ",
% title = " ",
% journal = IEEE_J_NET,
% volume = "",
% month = nov,
% year = "",
% pages = ""
% };

% (ampersand)inproceedings{,
% author = " and ",
% title = " ",
% booktitle = "Proc. {IEEE} ",
% address = "city",
% month = jan,
% year = "",
% volume = {2},
% pages = ""
% };

% (ampersand)book{IEEEexample:book_typical,
% author = "B. D. Cullity",
% title = "Introduction to Magnetic Materials",
% publisher = "Addison-Wesley",
% address = "Reading, MA",
% year = "1972"
% };

% (ampersand)article{ebgp:rekhtar-rfc1771,
% author = {Yakov Rekhter and Tony Li},
% title = "A Border Gateway Protocol",
% journal = {Internet Engineering Task Force RFC-1771},
% year = {1995}
%};

@article{Aggregation-Knightly-I,
	author={Huirong Fu and Edward W. Knightly},
	title={A Simple Model of Real-Time Flow Aggregation},
	journal={IEEE/ACM Transactions on Networking},
	volume={11},
	year={2003},
	month= jun,
	number={3}
}

@article{Aggregation-Knightly-II,
	author={Jingyu Qiu and Edward W. Knightly},
	title={Measurement-Based Admission Control with Aggregate Traffic Envelopes},
	journal={IEEE/ACM Transactions on Networking},
	volume={9},
	year={2001},
	month= apr,
	number={2}
}

@inproceedings{Aggregation-Shin-IWQoS04,
	author={Wei Sun and Kang G. Shin},
	title={Coordinated Aggregate Scheduling for Improving End-to-End Delay Performance},
	booktitle={Proc. of the {IEEE} Workshop on Quality of Service (IWQoS)},
	year={2004}
}

@article{Boudec-Expedited-Forwarding,
	author={Jon C. R. Bennett and Kent Benson and Anna Charny and William F. Courtney
		and Jean-Yves {Le Boudec}},
	title={Delay Jitter Bounds and Packet Scale Rate Guarantee for Expedited Forwarding},
	journal={IEEE/ACM Transactions on Networking},
	volume={10},
	year={2002},
	month= aug,
	number={4}
}

@article{Bounded-Appetite,
	author={Figueira, Norival R. and Pasquale, Joseph},
	title={A schedulability condition for deadline-ordered service disciplines},
	journal={IEEE/ACM Trans. Netw.},
	volume={5},
	year={1997},
	pages={232--244},
	number={2},
	issn={1063-6692
	},
	doi={http://dx.doi.org/10.1109/90.588088},
	publisher={IEEE Press},
	address={Piscataway, NJ, USA}
}

@article{Cobb-Aggregation-ToN,
	author={Jorge Cobb},
	title={Preserving Quality of Service Guarantees In-Spite of Flow Aggregation},
	journal={IEEE/ACM Transactions on Networking},
	volume={{10}},
	year={2002},
	pages={43-53},
	month= feb,
	number={1}
}

@article{Cobb-Flow-Theory-ToN,
	author={Jorge Cobb and Mohamed Gouda},
	title={Flow Theory},
	journal={IEEE/ACM Transactions on Networking},
	volume={{5}},
	year={1997},
	pages={661-674},
	month= oct,
	number={5}
}

@inproceedings{Cobb-Multi-Channel-IWQoS,
	author={Jorge Cobb and Miaohua Lin},
	title={End-to-End Delay Guarantees for Multiple-Channel Schedulers},
	booktitle={Proc. {IEEE} International Workshop on Quality of Service (IWQoS)},
	year={2002},
	month= may,
	address={Miami}
}

@article{Cobb-Multi-Channel-JHSN,
	author={Jorge Cobb and Miaohua Lin},
	title={A Theory of Multi-Channel Schedulers for Quality of Service},
	journal={Journal of High-Speed Networks},
	volume={{12}},
	year={2002},
	pages={61-86},
	month= nov,
	number={1 and 2},
	note={{IOS} Press}
}

@article{Cobb-Signalling-CCR,
	author={Jorge Cobb},
	title={Scalable Quality of Service across Multiple Domains},
	journal={Computer Communications},
	volume={{28}},
	year={2005},
	pages={1997-2008},
	month= nov,
	number={18},
	note={{Elsevier}}
}

@inproceedings{Cobb-Signalling-ICNP01,
	author={Jorge Cobb},
	title={Preserving Quality of Service without Per-Flow State},
	booktitle={Proc. {IEEE} International Conference on Network Protocols (ICNP)},
	year={2001},
	month= nov
}

@article{Cobb-TS-Scheduling-ToN,
	author={Jorge Cobb and Mohamed Gouda and Amal-El Nahas},
	title={Time-Shift Scheduling: Fair Scheduling of Flows in High-Speed Networks},
	journal={IEEE/ACM Transactions on Networking},
	volume={{6}},
	year={1998},
	pages={274-285},
	month= jun,
	number={3}
}

@article{Cobb-Universal-Timestamp-CN,
	author={Jorge Cobb},
	title={Universal Timestamp Scheduling for Real-Time Networks},
	journal={Computer Networks},
	volume={{31}},
	year={1999},
	pages={2341-2360},
	note={{Elsevier}}
}

@inproceedings{Cobb-WCRID,
	author={Jorge Cobb},
	title={Work Conserving Fair-Aggregation with Rate-Independent Delay},
	booktitle={Proc. IEEE International Conference on Computer Communication and Networks
		(ICCCN)},
	year={2008},
	place={Virgin Islands}
}

@inproceedings{Cobb-Zhe-GLOBECOM05,
	author={Jorge Cobb and Zhe Xu},
	title={Maintaining Flow Isolation in Work-Conserving Flow Aggregation},
	booktitle={Proc. {IEEE} GLOBECOM Conference},
	year={2005},
	place={St. Louis, Missouri}
}

@inproceedings{Cobb-Zhe-ICCCN06,
	author={Jorge Cobb and Zhe Xu},
	title={Guaranteed Throughput in Work-Conserving Flow aggregation Through Deadline
		Reuse},
	booktitle={Proceedings of the ICCCN Conference},
	year={2006},
	month= oct 
}

@inproceedings{Cobb-Zhe-Multicore,
	author={Jorge Cobb and Zhe Xu},
	title={Fair-Aggregation Across Multiple Core Networks},
	booktitle={Proc. IEEE International Conference on Computer Communication and Networks
		(ICCCN) Workshop on Advanced Networking and Communications},
	year={2007},
	place={Hawaii}
}

@inproceedings{Core-Fairness-Vinh-I,
	author={Jasleen Kaur and Harrick M. Vin},
	title={Core Stateless Guaranteed Throughput Networks},
	booktitle={Proc. of the {IEEE} INFOCOM Conf.},
	year={2003}
}

@inproceedings{Core-Fairness-Vinh-II,
	author={Jasleen Kaur and Harrick M. Vin},
	title={Providing Deterministic End-to-End Fairness Guarantees in Corestateless
		Networks},
	booktitle={Proc. {IEEE} International Workshop on Quality of Service (IWQoS)},
	year={2003}
}

@article{Cruz-Calculus-I,
	author={R. L. Cruz},
	title={A Calculus for Network Delay, Part I: Network Elements in Isolation},
	journal={IEEE Transactions on Information Theory},
	volume={{37}},
	year={1991},
	month= jan,
	number= 1
}

@article{Cruz-Calculus-II,
	author={R. L. Cruz},
	title={A Calculus for Network Delay, Part II: Network Elements in Isolation},
	journal={IEEE Transactions on Information Theory},
	volume={{37}},
	year={1991},
	month= jan,
	number= 1
}

@article{DecBit,
	author={Ramakrishnan, K. K. and Jain, Raj},
	title={A binary feedback scheme for congestion avoidance in computer networks with
		a connectionless network layer},
	journal={SIGCOMM Comput. Commun. Rev.},
	volume={18},
	year={1988},
	pages={303--313},
	month={August},
	issue_date={August 1988},
	issue={4},
	issn={0146-4833},
	numpages={11},
	url={http://doi.acm.org/10.1145/52325.52355},
	doi={http://doi.acm.org/10.1145/52325.52355},
	acmid={52355},
	publisher={ACM},
	address={New York, NY, USA}
}

@article{delayedd,
	author={D. Ferrari and D. Verma},
	title={A Scheme for Real-Time Channel Establishment in Wide-Area Networks},
	journal={IEEE Journal on Selected Areas in Communications},
	volume= 8,
	year= 1990,
	month={April},
	number= 3 
}

@article{DiffServ-Assured-Forwarding,
	author={Heinanen, J. and Baker, F. and Weiss, W. and Wroclawski, J.},
	title={Assured Forwarding PHB Group},
	note={{Internet} RFC 2597}
}

@article{Diffserv-Expedited-Forwarding,
	author={Jacobson, V. and Nichols, K. and Poduri, K.},
	title={An Expedited Forwarding PHB},
	note={{Internet} RFC 2598}
}

@article{FIFO-Boudec-Note-ToN,
	author={Jean-Yves Le Boudec and Gerard Hebuterne},
	title={Comments on `{A} Deterministic Approach to the End-to-End Analysis of Packet
		Flows in Connection Oriented Networks'},
	journal={IEEE/ACM Transactions on Networking},
	volume={8},
	year={2000},
	pages={121-124},
	month= feb,
	number={1}
}

@inproceedings{FIFO-Instability,
	author={M. Andrews and B. Awerbuch and A. Fernandez and J. Kleinberg and T. Leighton
		and Z. Liu},
	title={Universal stability results for greedy contention resolution protocols},
	booktitle={37th Annu. IEEE Symp. Foundations Computer Science (FOCS)},
	year= 1996,
	month= oct,
	pages={380-389},
	place={Burlington, VT}
}

@inproceedings{FIFO-Otel1,
	author={Florian-Daniel Otel and Jean-Yves Le Boudec},
	title={Deterministic End-to-End Delay Guarantees in a Heterogeneous Route Interference
		Environment},
	booktitle={Proc. of The International Workshop on Quality of Future Internet Services},
	year={2003},
	note={{Springer LNCS} 2811}
}

@inproceedings{FIFO-Otel2,
	author={Florian-Daniel Otel},
	title={Deterministic QoS guarantees using Route Interference},
	booktitle={Proc. of The IEEE International Symposium on Computers and Communication
		(ISCC)},
	year={2003}
}

@inproceedings{FIFO-UTD-Buffer-Improvement,
	author={Hongbiao Zhang},
	title={A Note on Deterministic End-to-End Delay in Connection-Oriented Networks},
	booktitle={Proc. of the {IEEE} International Conference on Communications (ICC)},
	year={1999},
	address={Vancouver},
	pages={1223-1227}
}

@inproceedings{FIFO-UTD-Routing,
	author={Imrich Chlamtac and Andras Farago and Hongbiao Zhang},
	title={A New Criterion for Router Selection in Communication Networks with Delay-Sensitive
		Traffic},
	booktitle={Proc. Conf. on Computer Communication and Networks (ICCCN)},
	year={1996},
	month= oct,
	address={Rockvilee, MD},
	pages={317-320}
}

@article{FIFO-UTD-ToN,
	author={Imrich Chlamtac and Andras Farago and Hongbiao Zhang and Andrea Fumagalli},
	title={A Deterministic Approach to the End-to-End Analysis of Packet Flows in Connection-Oriented
		Networks},
	journal={IEEE/ACM Transactions on Networking},
	volume={6},
	year={1998},
	pages={422-431},
	month= aug,
	number={4},
	note={mynote}
}

@book{gigabit-book,
	author={Partridge, C.},
	title={Gigabit Networking},
	publisher={Addison-Wesley},
	year={1993}
}

@book{Gouda-book,
	author={Mohamed Gouda},
	title={Elements of Network Protocol Design},
	publisher={John Wiley and Sons},
	year={1998}
}

@article{GPS-Parekh,
	author={Parekh, A. K. J. and Gallager, R.},
	title={A generalized Processor Sharing Approach to Flow Control in Integrated Services
		Networks: The Single Node Case},
	journal={IEEE/ACM Transactions on Networking},
	volume={1},
	year={1993},
	month= jun,
	number={3}
}

@article{hopbyhop,
	author={Mishra, Partho P. and Kanakia, Hemant},
	title={A hop by hop rate-based congestion control scheme},
	journal={SIGCOMM Comput. Commun. Rev.},
	volume={22},
	year={1992},
	pages={112--123},
	month={October},
	issue_date={Oct. 1992},
	issue={4},
	issn={0146-4833},
	numpages={12},
	url={http://doi.acm.org/10.1145/144191.144254},
	doi={http://doi.acm.org/10.1145/144191.144254},
	acmid={144254},
	publisher={ACM},
	address={New York, NY, USA}
}

@article{Hui-Hierarchical-WFQ,
	author={Bennett, J. C.R. and Zhang, H.},
	title={Hierarchical packet fair queueing algorithms},
	journal={IEEE/ACM Transactions on Networking},
	volume={5},
	year={1997},
	pages={675-689},
	month= oct,
	number={5}
}

@inproceedings{Hui-WF2Q,
	author={Jon C.R. Bennett and Hui Zhang},
	title={{WF2Q:} Worst-case Fair Weighted Fair Queueing},
	booktitle={IEEE INFOCOM Conference},
	year={1996}
}

@article{IntServ,
	author={Braden, R. and Clark, D. and Shenker, S.},
	title={Integrated Services in The Internet Architecture},
	note={{Internet} RFC 1633}
}

@article{IntServ-Controlled-Load,
	author={Wroclawski, J.},
	title={Specification of Controlled-load Network Element Service},
	year={1997},
	note={{Internet} RFC 2211}
}

@article{IntServ-Guaranteed-QoS,
	author={Shenker, S. and Partridge, C. and Guerin, R.},
	title={Specification of Guaranteed Quality of Service},
	note={{Internet} RFC 2212}
}

@inproceedings{Jiang-Expedited-Forwarding,
	author={Yuming Jiang},
	title={Per-domain Packet Scale Rate Guarantee for Expedited Forwarding},
	booktitle={Proc. {IEEE} International Workshop on Quality of Service (IWQoS)},
	year={2003},
	note={{LNCS} 2707}
}

@article{Jiang-GR-FIFO-Aggregation,
	author={Yuming Jiang},
	title={Delay bounds for a network of guaranteed rate servers with {FIFO} aggregation},
	journal={Computer Networks},
	volume={40},
	year={2002},
	pages={683-694},
	note={{Elsevier}}
}

@article{Jiang-GR-LR-Equivalence,
	author={Yuming Jiang},
	title={Relationship between guaranteed rate server and latency rate server},
	journal={Computer Networks},
	volume={43},
	year={2003},
	pages={307-315},
	note={{Elsevier}}
}

@inproceedings{Jiang-Link-Scheduling,
	author={Yuming Jiang},
	title={Link-Based Fair Aggregation: A Simple Approach to Scalable Support of Per-Flow
		Service Guarantees},
	booktitle={Proc. of IFIP Networking Conference},
	year={2004},
	note={{Springer LNCS} 3042}
}

@article{KGShin94,
	author={Zheng Q., Shin K.G.},
	title={On the Ability of Establishing Real-Time Channels in Point-to-Point Packet-Switched
		Networks},
	journal={IEEE Transactions on Communications},
	volume= 42,
	year={1994},
	number={2-4}
}

@inproceedings{leaveintime,
	author={N. Figueira and J. Pasquale},
	title={Leave-in-Time: A New Service Discipline for Real-Time Communications in
		a Packet-Switching Data Network},
	booktitle={Proc. of the ACM SIGCOMM Conference},
	year={1995}
}

@article{Liu-Layland,
	author={Liu, C. and Layland, J.},
	title={Scheduling Algorithms for Multiprogramming in a Hard Real-Time Environment},
	journal={Journal of the ACM},
	volume={20},
	year={1973},
	month= jan
}

@article{Liu-second,
	author={Dhall, S. K. and Liu, C. L.},
	title={On a Real-Time Scheduling Problem},
	journal={Operations Research},
	volume= 26,
	year= 1978 ,
	pages={127-140},
	number= 1
}

@article{LR-Stidialis-ToN,
	author={D. Stiliadis and A. Varma},
	title={Latency rate servers: a general model for analysis of traffic scheduling
		algorithms},
	journal={IEEE/ACM Transactions on Networking},
	volume={6},
	year={1998},
	pages={611-624},
	number={5}
}

@inproceedings{MPGPS-Ozden,
	author={Blanquer, J.M. and Ozden, B.},
	title={Fair Queuing for Aggregated Multiple Links},
	booktitle={Proc. of the ACM SIGCOMM Conference},
	year={2001}
}

@article{MPLS,
	author={Callon, R. and Doolan, P. and Feldman, N. and Fredette, A. and Swallow,
		G. and Viswanathan, A.},
	title={A Framework for Multiprotocol Label Switching},
	year={1997},
	note={{Internet} draft draft-ietf-mpls-framework-02.txt}
}

@inproceedings{Multi-NP,
	author={Moir, M. and Ramamurthy, S.},
	title={Pfair Scheduling of Fixed and Migrating Periodic Tasks on Multiple Resources},
	booktitle={IEEE Real-Time Systems Symposium},
	year={1999}
}

@article{Multi-Reorder-Not-Pathological,
	author={Bennet, J.C.R. and Partridge, C. and Shectman, N.},
	title={Packet Reordering is not Pathological Network Behavior},
	journal={IEEE/ACM Transactions on Networking},
	volume= 7,
	year= 1999 ,
	month= dec,
	number= 6
}

@article{NC-Boudec,
	author={J. Y. {Le Boudec}},
	title={Application of network calculus to guaranteed service networks},
	journal={IEEE Transactions on Information Theory},
	volume={44},
	year={1998},
	pages={1087-1096},
	month= may
}

@article{NC-Chang,
	author={C. S. Chang},
	title={On deterministic traffic regulation and service guarantee: A systematic
		approach by filtering},
	journal={IEEE Transactions on Information Theory},
	volume={44},
	year={1998},
	pages={1096-1107},
	month= aug
}

@inproceedings{NOSSDAV-95-Vin,
	author={Goyal, P. and Lam, S. and Vin, H.},
	title={Determining End-to-End Delay Bounds in Heterogeneous Networks},
	booktitle={Proc.of the NOSSDAV Workshop},
	year={1995}
}

@inproceedings{Packet-Pair,
	author={Srinivasan Keshav},
	title={A Control Theoretic Approach to Flow Control},
	booktitle={Proc. ACM SIGCOMM Conference},
	year={1991}
}

@inproceedings{Packet-State-Hui-99,
	author={Stoica, Ian and Zhang, Hui},
	title={Providing Guaranteed Services without Per-Flow Management},
	booktitle={Proc. of the ACM SIGCOMM Conference},
	year={1999}
}

@inproceedings{Packet-State-Vinh,
	author={Jasleen Kaur and Harrick M. Vin},
	title={Core-Stateless Guaranteed Rate Scheduling Algorithms},
	booktitle={Proc. of the {IEEE} INFOCOM Conf.},
	year={2001}
}

@inproceedings{Packet-State-Zhiling,
	author={Zhang, Z. and Duan, Z. and Gao, L. and Hou, Y. T.},
	title={Decoupling {QoS} Control from Core Routers: A Novel bandwidth Architecture
		for Scalable Support for Guaranteed Services},
	booktitle={Proc. ACM SIGCOMM Conference},
	year={2000}
}

@inproceedings{Pinwheel-First,
	author={R. Holte and A. Mok and L. Rosier and I. Tulchinsky and D. Varvel},
	title={The Pinwheel: A Real-Time Scheduling Problem},
	booktitle={Proc. 22nd Hawaii Int'll Conf. System Science},
	year= 1989 
}

@article{Pinwheel-Sanjoy,
	author={Sanjoy K. Baruah},
	title={Pfair Scheduling of Generalized Pinwheel Task Systems},
	journal={IEEE Transactions on Computers},
	volume={47},
	year={1998},
	month= jul,
	number={7}
}

@article{PSRG-Bennet-defined,
	author={Bennett, J. C. R. and {et al}},
	title={Delay jitter bounds and packet scale rate guarantee for {Expedited Forwarding}},
	journal={IEEE/ACM Transactions on Networking},
	volume={10},
	year={2002},
	pages={529-540},
	month= aug,
	number={4}
}

@article{PSRG-IETF,
	author={Davie, B. and {et al}},
	title={An Expedited Forwarding {PHB}},
	year={2002},
	month= mar,
	note={{IETF} {RFC} 3246}
}

@inproceedings{RCSP-Hui-93,
	author={Ferrari, D. and Zhang, H.},
	title={Rate Controlled Static Priority Queuing},
	booktitle={Proc. of the IEEE INFOCOM Conference},
	year={1993}
}

@article{RP-Fair-Servers-ToN,
	author={Stidialis, D. and Varma, A.},
	title={Rate Proportional Servers: A Design Methodology for Fair Queuing Algorithms},
	journal={IEEE/ACM Transactions on Networking},
	year={1998},
	month= apr
}

@inproceedings{SCFQ-Golestani,
	author={Golestani, S.J.},
	title={A self-clocked fair queueing scheme for broadband applications},
	booktitle={IEEE INFOCOM Conference},
	year={1994}
}

@article{Shin-RTC-Scheduling-94,
	author={Zheng, Q. and Shin, K. G.},
	title={On the Ability of Establishing Real-Time Channels in Point-to-Point Packet-Switched
		Networks},
	journal={IEEE Transaction on Communications},
	volume={42},
	year={1994},
	month= mar,
	number={3}
}

@inproceedings{Signalling-Stoica,
	author={S. Machiraju and M. Seshadri and I. Stoica},
	title={A Scalable and Robust Solution for Bandwidth Allocation},
	booktitle={Proc. {IEEE} International Workshop on Quality of Service (IWQoS)},
	year={2002},
	month= may,
	address={Miami}
}

@inproceedings{SRP-Signalling,
	author={Almesberge, W. and Ferrari, T. and Boudec, J. L.},
	title={{SRP}: A Scalable Resource Reservation Protocol for the Internet},
	booktitle={Proc. of The International Workshop on Quality of Service (IWQOS)},
	year={1998}
}

@article{stfq,
	author={Goyal, Pawan and Vin, Harrick M. and Cheng, Haichen},
	title={Start-time fair queueing: a scheduling algorithm for integrated services
		packet switching networks},
	journal={IEEE/ACM Trans. Netw.},
	volume={5},
	year={1997},
	pages={690--704},
	month={October},
	issue={5},
	issn={1063-6692},
	numpages={15},
	url={http://dx.doi.org/10.1109/90.649569},
	doi={http://dx.doi.org/10.1109/90.649569},
	acmid={268725},
	publisher={IEEE Press},
	address={Piscataway, NJ, USA},
	keywords={fair queueing, integrated services networks, packet scheduling}
}

@inproceedings{Stiliadis-RP-Shaped-Infocom-97,
	author={Dimitrios Stiliadis and Anujan Varma},
	title={A General Methodology for Designing Efficient Traffic Scheduling and Shaping
		Algorithms},
	booktitle={IEEE INFOCOM Conference},
	year= 1997 
}

@inproceedings{Stop-and-Go,
	author={Golestani, S. J.},
	title={A Stop-and-Go Queuing Framework for Congestion Management},
	booktitle={Proc. of the ACM SIGCOMM Conference},
	year={1990}
}

@article{Survey-Hui-Proc-IEEE,
	author={Hui Zhang},
	title={Service Disciplines for Guaranteed Performance Service in Packet-Switching
		Networks},
	journal={Proceedings of the IEEE},
	volume={93},
	year={1995},
	month= oct,
	number={10}
}

@article{VC-Lam,
	author={G. Xie and S. Lam},
	title={Delay Guarantee of the Virtual Clock Server},
	journal={IEEE/ACM Transactions on Networking},
	year={1995},
	pages={683-689},
	month= dec
}

@article{VC-Lixia,
	author={Lixia Zhang},
	title={Virtual Clock: A New Traffic Control Algorithm for Packet-Switched Networks},
	journal={ACM Transactions on Computer Systems},
	volume={9},
	year={1991},
	pages={101-124},
	month= may,
	number={2}
}

@article{WCRID2TR,
	author={Jorge A. Cobb},
	title={Rate-Independent Delay Across State-Reduced Networks},
	journal={The University of Texas at Dallas Technical Report},
	year={2009},
	month={May}
}

@article{WFQlogN,
	author={Valente, Paolo},
	title={Exact GPS simulation with logarithmic complexity, and its application to
		an optimally fair scheduler},
	journal={SIGCOMM Comput. Commun. Rev.},
	volume={34},
	year={2004},
	pages={269--280},
	month={August},
	issue_date={October 2004},
	issue={4},
	issn={0146-4833},
	numpages={12},
	url={http://doi.acm.org/10.1145/1030194.1015497},
	doi={http://doi.acm.org/10.1145/1030194.1015497},
	acmid={1015497},
	publisher={ACM},
	address={New York, NY, USA},
	keywords={computational complexity, data structures, packet scheduling, quality of
		service}
}

@phdthesis{ZheThesis,
	author={Zhe Xu},
	title={Scalable Scheduling for Quality of Service guarantees},
	school={The University of Texas at Dallas},
	year={2007},
	month={Aug.}
}


@article{Cobb-REQ,
	Address = {Los Alamitos, CA, USA},
	Author = {Jorge A. Cobb},
	Doi = {http://doi.ieeecomputersociety.org/10.1109/LCN.2011.6115513},
	Isbn = {978-1-61284-926-3},
	Journal = {37th Annual IEEE Conference on Local Computer Networks},
	Pages = {50-57},
	Publisher = {IEEE Computer Society},
	Title = {Rate equalization: A new approach to fairness in deterministic quality of service},
	Volume = {0},
	Year = {2011},
	Bdsk-Url-1 = {http://doi.ieeecomputersociety.org/10.1109/LCN.2011.6115513}}




@INPROCEEDINGS{leapforward,
    author = {Subhash Suri and George Varghese and Girish Chandranmenon},
    title = {Leap Forward Virtual Clock: A New Fair Queuing Scheme with Guaranteed Delays and Throughput Fairness},
    booktitle = {In Proceedings of INFOCOM'97},
    year = {1997}
}



@article{SRR,
author={C. Guo},
title={SRR: an O(1) time-complexity packet scheduler for flows in multiservice 
packet networks},
journal={IEEE/ACM Transactions on Networking},
volume={12},
year={2004},
month= dec,
number={6}
}



@inproceedings{G-3,
author={C. Guo},
title={G-3: An O(1) Time Complexity Packet Scheduler That Provides Bounded 
End-to-End Delay},
booktitle={Proc. of the {IEEE} INFOCOM Conf.},
year={2007}
}


@article{Stratified,
author={S. Ramabhadran and J. Pasquale},
title={Stratified round robin: A low com- plexity packet scheduler with bandwidth fairness and bounded delay},
journal={ACM Comput. Commun. Review},
volume={33}, 
number={4},
pages={239-250}, 
month=oct,
year=2003
}

@inproceedings{FRR,
author={X. Yuan and Z. Duan},
title={FRR: A proportional and worst-case fair round robin scheduler},
booktitle={Proc. IEEE INFOCOM},
month=mar, 
year=2005, 
pages={831-842}
}


@inproceedings{GRR,
author={B. Caprita and J. Nieh and W. C. Chan},
title={Group round robin: Improving the fairness and complexity of packet scheduling},
booktitle={Proc. Symp. on Architecture for Netw. Commun. Syst.},
month=oct,
year=2005,
pages={29-40}
}


@inproceedings{VWQGRR,
author={L. Zhong and J. Xu and X. Wang},
title={VWQGRR: A novel packet scheduler},
booktitle={Proc. of the IEEE ICN},
month=apr,
year=2007,
pages={22-28},
}


